<record><leader>00000cas a2200000 a 4500</leader><controlfield tag="001">10088926</controlfield><controlfield tag="008">831103d18791902nyuwr ne      0    0eng c</controlfield><datafield ind1=" " ind2=" " tag="010"><subfield code="a">sn 83031578 </subfield></datafield><datafield ind1=" " ind2=" " tag="040"><subfield code="a">NPU</subfield><subfield code="b">eng</subfield><subfield code="c">NPU</subfield><subfield code="d">NPX</subfield><subfield code="d">NSD</subfield><subfield code="d">NYS</subfield><subfield code="d">OCLCQ</subfield><subfield code="d">OCLCF</subfield><subfield code="d">OCLCO</subfield></datafield><datafield ind1="1" ind2=" " tag="029"><subfield code="a">AU@</subfield><subfield code="b">000020413832</subfield></datafield><datafield ind1=" " ind2=" " tag="042"><subfield code="a">pcc</subfield></datafield><datafield ind1=" " ind2=" " tag="043"><subfield code="a">n-us-ny</subfield></datafield><datafield ind1="0" ind2=" " tag="130"><subfield code="a">Argus (Mount Vernon, N.Y.)</subfield></datafield><datafield ind1="1" ind2="4" tag="245"><subfield code="a">The Argus.</subfield></datafield><datafield ind1="1" ind2="3" tag="246"><subfield code="a">Mount Vernon Argus</subfield></datafield><datafield ind1="1" ind2="7" tag="246"><subfield code="a">Mount Vernon weekly argus</subfield></datafield><datafield ind1=" " ind2=" " tag="260"><subfield code="a">Mount Vernon, N.Y. :</subfield><subfield code="b">Sidebotham &amp; McClellan</subfield></datafield><datafield ind1=" " ind2=" " tag="300"><subfield code="a">v. :</subfield><subfield code="b">ill. ;</subfield><subfield code="c">35-63 cm.</subfield></datafield><datafield ind1=" " ind2=" " tag="310"><subfield code="a">Weekly</subfield></datafield><datafield ind1="1" ind2=" " tag="362"><subfield code="a">Began in 1879.</subfield><subfield code="z">Cf. Hist. of Westchester Co., N.Y., 1925.</subfield></datafield><datafield ind1="1" ind2=" " tag="362"><subfield code="a">Ceased with Mar. 28, 1902 issue.</subfield></datafield><datafield ind1=" " ind2=" " tag="500"><subfield code="a">Editors: Alvah P. French &amp; Henry O. Sniffen, &lt;Mar. 27, 1890-&gt;.</subfield></datafield><datafield ind1=" " ind2=" " tag="500"><subfield code="a">"An official Democratic newspaper."</subfield></datafield><datafield ind1=" " ind2=" " tag="500"><subfield code="a">"The Only Official Village Newspaper."</subfield></datafield><datafield ind1="4" ind2=" " tag="510"><subfield code="a">Hufeland, O. Checklist</subfield><subfield code="c">157</subfield></datafield><datafield ind1=" " ind2=" " tag="588"><subfield code="a">Description based on: Vol. 1, no. 28 (Sept. 25, 1879).</subfield></datafield><datafield ind1=" " ind2="0" tag="651"><subfield code="a">Mount Vernon (Westchester County, N.Y.)</subfield><subfield code="v">Newspapers.</subfield></datafield><datafield ind1=" " ind2="0" tag="651"><subfield code="a">Westchester County (N.Y.)</subfield><subfield code="v">Newspapers.</subfield></datafield><datafield ind1=" " ind2="7" tag="655"><subfield code="a">Newspapers.</subfield><subfield code="2">fast</subfield><subfield code="0">(OCoLC)fst01423814</subfield></datafield><datafield ind1=" " ind2="7" tag="651"><subfield code="a">New York (State)</subfield><subfield code="z">Mount Vernon (Westchester County)</subfield><subfield code="2">fast</subfield><subfield code="0">(OCoLC)fst01313702</subfield></datafield><datafield ind1=" " ind2="7" tag="651"><subfield code="a">New York (State)</subfield><subfield code="z">Westchester County.</subfield><subfield code="2">fast</subfield><subfield code="0">(OCoLC)fst01202684</subfield></datafield><datafield ind1=" " ind2=" " tag="752"><subfield code="a">United States</subfield><subfield code="b">New York</subfield><subfield code="c">Westchester</subfield><subfield code="d">Mount Vernon.</subfield></datafield><datafield ind1="0" ind2=" " tag="775"><subfield code="t">Daily Argus (Mount Vernon, N.Y.)</subfield><subfield code="x">1060-4723</subfield><subfield code="w">(DLC)sn 83031711</subfield><subfield code="w">(OCoLC)10089215</subfield></datafield><datafield ind1="0" ind2="4" tag="785"><subfield code="t">Mount Vernon record (Mount Vernon, N.Y. : 1901)</subfield><subfield code="w">(DLC)sn 83031584</subfield><subfield code="w">(OCoLC)10089095</subfield></datafield></record>